<record><leader>00000cas a22000007a 4500</leader><controlfield tag="001">18438705</controlfield><controlfield tag="008">880902d191u1920nmuwr ne      0    0eng d</controlfield><datafield ind1=" " ind2=" " tag="010"><subfield code="a">sn 88084215 </subfield></datafield><datafield ind1=" " ind2=" " tag="040"><subfield code="a">PPM</subfield><subfield code="b">eng</subfield><subfield code="c">PPM</subfield><subfield code="d">NVM</subfield><subfield code="d">OCLCQ</subfield><subfield code="d">OCLCF</subfield><subfield code="d">OCLCO</subfield></datafield><datafield ind1=" " ind2=" " tag="042"><subfield code="a">msc</subfield></datafield><datafield ind1=" " ind2=" " tag="043"><subfield code="a">n-us-nm</subfield></datafield><datafield ind1="0" ind2=" " tag="130"><subfield code="a">Portales Valley news (Portales, N.M. : 1913)</subfield></datafield><datafield ind1="1" ind2="4" tag="245"><subfield code="a">The Portales Valley news.</subfield></datafield><datafield ind1="3" ind2="0" tag="246"><subfield code="a">Portales Valley news and Portales herald-times</subfield><subfield code="f">Sept. 15-Oct. 6, 1916</subfield></datafield><datafield ind1=" " ind2=" " tag="260"><subfield code="a">Portales, N.M. :</subfield><subfield code="b">J.E. Anderson</subfield></datafield><datafield ind1=" " ind2=" " tag="300"><subfield code="a">v.</subfield></datafield><datafield ind1=" " ind2=" " tag="310"><subfield code="a">Weekly</subfield></datafield><datafield ind1="1" ind2=" " tag="362"><subfield code="a">Began with Nov. 1, 1913?</subfield><subfield code="z">Cf. Grove, Pearce S. /New Mexico newspapers.</subfield></datafield><datafield ind1="0" ind2=" " tag="362"><subfield code="a">-v. 19, no. 6 (Dec. 9, 1920).</subfield></datafield><datafield ind1=" " ind2=" " tag="500"><subfield code="a">Absorbed the Portales herald-times and assumed the title: The Portales Valley news and Portales herald-times, Sept. 15-Oct. 6, 1916.</subfield></datafield><datafield ind1=" " ind2=" " tag="530"><subfield code="a">Also on microfilm: El Paso, Tex. : Southwest Micropublishing, Inc.</subfield></datafield><datafield ind1=" " ind2=" " tag="588"><subfield code="a">Description based on: Vol. 2, no. 11 (Jan. 7, 1915).</subfield></datafield><datafield ind1=" " ind2="0" tag="651"><subfield code="a">Portales (N.M.)</subfield><subfield code="v">Newspapers.</subfield></datafield><datafield ind1=" " ind2="0" tag="651"><subfield code="a">Roosevelt County (N.M.)</subfield><subfield code="v">Newspapers.</subfield></datafield><datafield ind1=" " ind2="7" tag="655"><subfield code="a">Newspapers.</subfield><subfield code="2">fast</subfield><subfield code="0">(OCoLC)fst01423814</subfield></datafield><datafield ind1=" " ind2="7" tag="651"><subfield code="a">New Mexico</subfield><subfield code="z">Portales.</subfield><subfield code="2">fast</subfield><subfield code="0">(OCoLC)fst01202990</subfield></datafield><datafield ind1=" " ind2="7" tag="651"><subfield code="a">New Mexico</subfield><subfield code="z">Roosevelt County.</subfield><subfield code="2">fast</subfield><subfield code="0">(OCoLC)fst01215725</subfield></datafield><datafield ind1=" " ind2=" " tag="752"><subfield code="a">United States</subfield><subfield code="b">New Mexico</subfield><subfield code="c">Roosevelt</subfield><subfield code="d">Portales.</subfield></datafield><datafield ind1="1" ind2="5" tag="780"><subfield code="t">Portales herald-times</subfield><subfield code="w">(DLC)sn 87091037</subfield></datafield><datafield ind1="0" ind2="7" tag="785"><subfield code="t">Portales journal</subfield><subfield code="w">(DLC)sn 87091036</subfield></datafield><datafield ind1="0" ind2="7" tag="785"><subfield code="t">Portales Valley news and Portales journal</subfield><subfield code="w">(DLC)sn 87091043</subfield></datafield></record>